% Manual citations here

@book{ISO:1998:IIP,
  author          = {{ISO}},
  title           = {{ISO\slash IEC 14882:1998}: {Programming} languages
                     --- {C++}},
  publisher       = pub-ISO,
  address         = pub-ISO:adr,
  pages           = {732},
  day             = {1},
  month           = sep,
  year            = {1998},
  bibdate         = {Tue Dec 12 06:45:55 2000},
  bibsource       = {http://www.math.utah.edu/pub/tex/bib/isostd.bib;
                     http://www.math.utah.edu/pub/tex/bib/mathcw.bib},
  note            = {Available in electronic form for online purchase at
                     \path=http://webstore.ansi.org/=.},
  price           = {CHF 351, US\$18 (electronic), US\$252 (print);
                     US\$245.00},
  url             = {http://www.iso.ch/cate/d25845.html},
  acknowledgement = ack-nhfb,
  xxisbn          = {none}
}

@book{ISO:1990:IIP,
  author          = {{ISO}},
  title           = {{ISO\slash IEC 9899:1990}: {Programming} languages ---
                     {C}},
  publisher       = pub-ISO,
  address         = pub-ISO:adr,
  pages           = {????},
  year            = {1990},
  isbn            = {????},
  isbn-13         = {????},
  lccn            = {????},
  bibdate         = {Fri May 28 21:52:25 1999},
  bibsource       = {http://www.math.utah.edu/pub/tex/bib/isostd.bib},
  url             = {http://www.iso.ch/cate/d17782.html},
  acknowledgement = ack-nhfb
}

@book{ISO:1992:IITa,
  author          = {{ISO}},
  title           = {{ISO\slash IEC} 9075:1992: Title: Information
                     technology --- Database languages --- {SQL}},
  publisher       = pub-ISO,
  address         = pub-ISO:adr,
  pages           = {587},
  year            = {1992},
  isbn            = {????},
  isbn-13         = {????},
  lccn            = {????},
  bibdate         = {Wed Jul 01 11:02:07 1998},
  bibsource       = {http://www.math.utah.edu/pub/tex/bib/isostd.bib},
  note            = {Available in English only.},
  price           = {CHF 348},
  url             = {http://www.iso.ch/cate/d16663.html},
  acknowledgement = ack-nhfb,
  pricecode       = {XM}
}

@book{ISO:2003:IIIb,
  author          = {{ISO}},
  title           = {{ISO\slash IEC 23270:2003}: Information technology ---
                     {C\#} Language Specification},
  publisher       = pub-ISO,
  address         = pub-ISO:adr,
  pages           = {xiii + 471},
  year            = {2003},
  isbn            = {????},
  isbn-13         = {????},
  lccn            = {????},
  bibdate         = {Mon Mar 13 18:22:37 2006},
  bibsource       = {http://www.math.utah.edu/pub/tex/bib/isostd.bib},
  price           = {328 Sfr (print)},
  url             = {http://standards.iso.org/ittf/PubliclyAvailableStandards/c036768_ISO_IEC_23270_2003(E).zip;
                     http://www.iso.org/iso/en/CatalogueDetailPage.CatalogueDetail?CSNUMBER=36768},
  acknowledgement = ack-nhfb
}

@article{8277153,
  author  = {},
  journal = {IEEE Std 1003.1-2017 (Revision of IEEE Std 1003.1-2008)},
  title   = {IEEE Standard for Information Technology--Portable Operating System Interface (POSIX(TM)) Base Specifications, Issue 7},
  year    = {2018},
  volume  = {},
  number  = {},
  pages   = {1-3951},
  doi     = {10.1109/IEEESTD.2018.8277153}
}

@article{ecma1999262,
  title   = {262: Ecmascript language specification},
  author  = {Ecma, ECMA},
  journal = {ECMA (European Association for Standardizing Information and Communication Systems), pub-ECMA: adr,},
  year    = {1999}
}

@book{10.5555/2636997,
  author    = {Gosling, James and Joy, Bill and Steele, Guy L. and Bracha, Gilad and Buckley, Alex},
  title     = {The Java Language Specification, Java SE 8 Edition},
  year      = {2014},
  isbn      = {013390069X},
  publisher = {Addison-Wesley Professional},
  edition   = {1st},
  abstract  = {Written by the inventors of the technology, The Java Language Specification, Java SE 8 Edition is the definitive technical reference for the Java programming language. The book provides complete, accurate, and detailed coverage of the Java programming language. It fully describes the new features added in Java SE 8, including lambda expressions, method references, default methods, type annotations, and repeating annotations. The book also includes many explanatory notes and carefully distinguishes the formal rules of the language from the practical behavior of compilers.}
}

@book{java_se_18,
  author  = {Gosling, James and Joy, Bill and Steele, Guy L. and Bracha, Gilad and Buckley, Alex and Smith, Daniel and Bierman, Gavin},
  title   = {The Java Language Specification, Java SE 18 Edition},
  year    = {2022},
  edition = {1st}
}

@book{jvm_se_18,
  author  = {Lindholm, Tim and Yellin, Frank and Bracha, Gilad and Buckley, Alex and Smith, Daniel},
  title   = {The Java Virtual Machine Specification, Java SE 18 Edition},
  year    = {2022},
  edition = {1st}
}

@misc{gcc,
  title   = {GCC, the GNU compiler collection},
  url     = {https://gcc.gnu.org/},
  journal = {GCC, the GNU Compiler Collection - GNU Project}
} 

@misc{clang,
  title   = {Clang: A C language family frontend for LLVM},
  url     = {https://clang.llvm.org/},
  journal = {Clang C Language Family Frontend for LLVM}
} 

@article{8766229,
  author  = {},
  journal = {IEEE Std 754-2019 (Revision of IEEE 754-2008)},
  title   = {IEEE Standard for Floating-Point Arithmetic},
  year    = {2019},
  volume  = {},
  number  = {},
  pages   = {1-84},
  doi     = {10.1109/IEEESTD.2019.8766229}
}

@article{continuations_mathematical_semantics,
  author  = {Strachey, Christopher and Wadsworth, Christopher},
  year    = {2000},
  month   = {04},
  pages   = {135-},
  title   = {Continuations: A Mathematical Semantics for Handling Full Jumps},
  volume  = {13},
  journal = {Higher-Order and Symbolic Computation},
  doi     = {10.1023/A:1010026413531}
}

 @misc{stack_overflow_survey_2021,
  title   = {Stack overflow developer survey 2021},
  url     = {https://insights.stackoverflow.com/survey/2021},
  journal = {Stack Overflow}
} 

@techreport{Moon:21:H,
  author      = {Sangwhan Moon and Shwetank Dixit and Xiaoqian Wu and Scott O'Hara and Patricia Aas and Terence Eden and Bruce Lawson},
  title       = {{HTML} 5.3},
  month       = jan,
  note        = {https://www.w3.org/TR/2021/NOTE-html53-20210128/},
  year        = {2021},
  bibsource   = {https://w2.syronex.com/jmr/w3c-biblio},
  type        = {{WD} not longer in development},
  institution = {W3C}
}

@techreport{Lilley:08:CSS,
  author      = {Chris Lilley and Ian Jacobs and Bert Bos and H\aa{}kon Wium Lie},
  title       = {Cascading Style Sheets, level 2 ({CSS2}) Specification},
  month       = apr,
  note        = {https://www.w3.org/TR/2008/REC-CSS2-20080411/},
  year        = {2008},
  bibsource   = {https://w2.syronex.com/jmr/w3c-biblio},
  type        = {{W3C} Recommendation},
  institution = {W3C}
}

@mastersthesis{Bruin2020,
  title   = {{Dynamix on the Frame VM: Declarative dynamic semantics on a VM using scopes as frames}},
  author  = {Chiel Bruin},
  year    = {2020},
  month   = {April},
  url     = {http://resolver.tudelft.nl/uuid:ddedce14-65ad-4f16-912e-6b0658eaecc0},
  note    = {Available at \url{http://resolver.tudelft.nl/uuid:ddedce14-65ad-4f16-912e-6b0658eaecc0}.},
  cites   = {0},
  citedby = {0},
  school  = {Delft University of Technology},
  advisor = {Casper Poulsen}
}