% Bibliography downloaded from https://researchr.org/downloadbibtex/bibliography/a6d0d323-2cc0-414d-a8d4-8e2df6e9fbe3-thesis

@inproceedings{Kahn87:0,
  title = {Natural Semantics},
  author = {Gilles Kahn},
  year = {1987},
  tags = {semantics},
  researchr = {https://researchr.org/publication/Kahn87%3A0},
  cites = {0},
  citedby = {0},
  pages = {22-39},
  booktitle = {STACS 87, 4th Annual Symposium on Theoretical Aspects of Computer Science, Passau, Germany, February 19-21, 1987, Proceedings},
  editor = {Franz-Josef Brandenburg and Guy Vidal-Naquet and Martin Wirsing},
  volume = {247},
  series = {Lecture Notes in Computer Science},
  publisher = {Springer},
  isbn = {3-540-17219-X},
}

@article{Mazurkiewicz71,
  title = {Proving Algorithms by Tail Functions},
  author = {Antoni W. Mazurkiewicz},
  year = {1971},
  month = {April},
  researchr = {https://researchr.org/publication/Mazurkiewicz71},
  cites = {0},
  citedby = {0},
  journal = {Inf. Comput.},
  volume = {18},
  number = {3},
  pages = {220-226},
}

@inproceedings{KatsV10a,
  title = {The {Spoofax} language workbench},
  author = {Lennart C. L. Kats and Eelco Visser},
  year = {2010},
  doi = {10.1145/1869542.1869592},
  url = {http://doi.acm.org/10.1145/1869542.1869592},
  tags = {programming languages, workbench, syntax definition, meta programming, transformation language, C++, code generation, language workbench, Spoofax, Meta-Environment, transformation, program transformation, domain-specific language},
  researchr = {https://researchr.org/publication/KatsV10a},
  cites = {0},
  citedby = {0},
  pages = {237-238},
  booktitle = {Companion to the 25th Annual ACM SIGPLAN Conference on Object-Oriented Programming, Systems, Languages, and Applications, SPLASH/OOPSLA 2010, October 17-21, 2010, Reno/Tahoe, Nevada, USA},
  editor = {William R. Cook and Siobhán Clarke and Martin C. Rinard},
  publisher = {ACM},
  isbn = {978-1-4503-0240-1},
}

@mastersthesis{VanAntwerpen2016,
  title = {A Constraint-based Approach to Name Binding and Type Checking using Scope Graphs},
  author = {Hendrik van Antwerpen},
  year = {2016},
  month = {January},
  url = {http://resolver.tudelft.nl/uuid:7a555c92-ee75-4e64-b58b-d8f09662f412},
  note = {Available at \url{http://resolver.tudelft.nl/uuid:7a555c92-ee75-4e64-b58b-d8f09662f412}.},
  researchr = {https://researchr.org/publication/VanAntwerpen2016},
  cites = {0},
  citedby = {0},
  school = {Delft University of Technology},
  advisor = {Eelco Visser},
}

@inproceedings{MatthewsFFF04,
  title = {A Visual Environment for Developing Context-Sensitive Term Rewriting Systems},
  author = {Jacob Matthews and Robby Findler and Matthew Flatt and Matthias Felleisen},
  year = {2004},
  url = {http://springerlink.metapress.com/openurl.asp?genre=article&amp;issn=0302-9743&amp;volume=3091&amp;spage=301},
  tags = {PLT Redex, programming languages, semantics, meta programming, type soundness, meta-model, modeling language, modeling, term rewriting, language modeling, design research, language design, type system, graph-rewriting, debugging, programming, operational semantics, context-aware, Meta-Environment, rewriting, domain-specific language},
  researchr = {https://researchr.org/publication/MatthewsFFF04},
  cites = {0},
  citedby = {0},
  pages = {301-311},
  booktitle = {Rewriting Techniques and Applications, 15th International Conference, RTA 2004, Aachen, Germany, June 3-5, 2004, Proceedings},
  editor = {Vincent van Oostrom},
  volume = {3091},
  series = {Lecture Notes in Computer Science},
  publisher = {Springer},
  isbn = {3-540-22153-0},
}

@misc{Spoofax2021,
  title = {Spoofax: The Language Designer's Workbench},
  year = {2021},
  url = {https://www.spoofax.dev/},
  researchr = {https://researchr.org/publication/Spoofax2021},
  cites = {0},
  citedby = {0},
  howpublished = {https://www.spoofax.dev/},
}

@inproceedings{VerguV18,
  title = {Specializing a meta-interpreter: JIT compilation of {D}ynsem specifications on the {G}raal VM},
  author = {Vlad A. Vergu and Eelco Visser},
  year = {2018},
  doi = {10.1145/3237009.3237018},
  url = {https://doi.org/10.1145/3237009.3237018},
  researchr = {https://researchr.org/publication/VerguV18},
  cites = {0},
  citedby = {0},
  booktitle = {Proceedings of the 15th International Conference on Managed Languages \& Runtimes, ManLang 2018, Linz, Austria, September 12-14, 2018},
  editor = {Eli Tilevich and Hanspeter Mössenböck},
  publisher = {ACM},
  isbn = {978-1-4503-6424-9},
}

@phdthesis{Amorim2019,
  title = {Declarative Syntax Definition for Modern Language Workbenches},
  author = {Luis Eduardo de Souza Amorim},
  year = {2019},
  url = {https://www.base-search.net/Record/261b6c9463c1d4fe309e3c6104cd4d80fbc9d3cc8fbc66006f34130f481b506f},
  note = {base-search.net (fttudelft:oai:tudelft.nl:uuid:43d7992a-7077-47ba-b38f-113f5011d07f)},
  researchr = {https://researchr.org/publication/Amorim2019},
  cites = {0},
  citedby = {0},
  school = {Delft University of Technology, Netherlands},
  advisor = {Eelco Visser and Sebastian Erdweg},
}

@inproceedings{VerguNV15,
  title = {DynSem: A {DSL} for Dynamic Semantics Specification},
  author = {Vlad A. Vergu and Pierre Néron and Eelco Visser},
  year = {2015},
  doi = {10.4230/LIPIcs.RTA.2015.365},
  url = {http://dx.doi.org/10.4230/LIPIcs.RTA.2015.365},
  researchr = {https://researchr.org/publication/VerguNV15},
  cites = {0},
  citedby = {0},
  pages = {365-378},
  booktitle = {26th International Conference on Rewriting Techniques and Applications, RTA 2015, June 29 to July 1, 2015, Warsaw, Poland},
  editor = {Maribel Fernández},
  volume = {36},
  series = {LIPIcs},
  publisher = {Schloss Dagstuhl - Leibniz-Zentrum fuer Informatik},
  isbn = {978-3-939897-85-9},
}

@book{Appel1992,
  title = {Compiling with Continuations},
  author = {Andrew W. Appel},
  year = {1992},
  tags = {compiler},
  researchr = {https://researchr.org/publication/Appel1992},
  cites = {0},
  citedby = {0},
  publisher = {Cambridge University Press},
  isbn = {0-521-41695-7},
}

@inproceedings{KallebergV07,
  title = {Spoofax: An Interactive Development Environment for Program Transformation with Stratego/XT},
  author = {Karl Trygve Kalleberg and Eelco Visser},
  year = {2007},
  month = {March},
  url = {http://swerl.tudelft.nl/twiki/pub/Main/TechnicalReports/TUD-SERG-2007-018.pdf},
  tags = {model-to-model transformation, meta programming, meta-model, model-driven development, model transformation, Spoofax, Meta-Environment, meta-objects, transformation, Stratego, program transformation},
  researchr = {https://researchr.org/publication/KallebergV07},
  cites = {0},
  citedby = {0},
  booktitle = {Proceedings of the Seventh Workshop on Language Descriptions, Tools and Applications (LDTA 2007)},
  series = {Electronic Notes in Theoretical Computer Science},
  address = {Braga, Portugal},
  publisher = {Elsevier},
}

@article{Reynolds93,
  title = {The Discoveries of Continuations},
  author = {John C. Reynolds},
  year = {1993},
  tags = {discovery, C++},
  researchr = {https://researchr.org/publication/Reynolds93},
  cites = {0},
  citedby = {0},
  journal = {Higher-Order and Symbolic Computation},
  volume = {6},
  number = {3-4},
  pages = {233-248},
}

@article{WachsmuthKV14,
  title = {Language Design with the Spoofax Language Workbench},
  author = {Guido Wachsmuth and Gabriël Konat and Eelco Visser},
  year = {2014},
  doi = {10.1109/MS.2014.100},
  url = {http://dx.doi.org/10.1109/MS.2014.100},
  researchr = {https://researchr.org/publication/WachsmuthKV14},
  cites = {0},
  citedby = {0},
  journal = {IEEE Software},
  volume = {31},
  number = {5},
  pages = {35-43},
}

@inproceedings{AmorimV20,
  title = {Multi-purpose Syntax Definition with {SDF3}},
  author = {Luis Eduardo de Souza Amorim and Eelco Visser},
  year = {2020},
  doi = {10.1007/978-3-030-58768-0_1},
  url = {https://doi.org/10.1007/978-3-030-58768-0_1},
  researchr = {https://researchr.org/publication/AmorimV20},
  cites = {0},
  citedby = {0},
  pages = {1-23},
  booktitle = {Software Engineering and Formal Methods - 18th International Conference, SEFM 2020, Amsterdam, The Netherlands, September 14-18, 2020, Proceedings},
  editor = {Frank S. de Boer and Antonio Cerone},
  volume = {12310},
  series = {Lecture Notes in Computer Science},
  publisher = {Springer},
  isbn = {978-3-030-58768-0},
}

@book{DHP:1996,
  title = {Language Prototyping. An Algebraic Specification Approach},
  year = {1996},
  month = {September},
  tags = {algebraic specification,  algebra, systematic-approach},
  researchr = {https://researchr.org/publication/DHP%3A1996},
  cites = {0},
  citedby = {2},
  editor = {Arie  van Deursen and Jan Heering and Paul  Klint},
  volume = {5},
  series = {AMAST Series in Computing},
  address = {Singapore},
  publisher = {World Scientific},
}

@inproceedings{PoulsenNTV16,
  title = {Scopes Describe Frames: A Uniform Model for Memory Layout in Dynamic Semantics},
  author = {Casper Bach Poulsen and Pierre Néron and Andrew P. Tolmach and Eelco Visser},
  year = {2016},
  doi = {10.4230/LIPIcs.ECOOP.2016.20},
  url = {http://dx.doi.org/10.4230/LIPIcs.ECOOP.2016.20},
  researchr = {https://researchr.org/publication/PoulsenNTV16},
  cites = {0},
  citedby = {0},
  booktitle = {30th European Conference on Object-Oriented Programming, ECOOP 2016, July 18-22, 2016, Rome, Italy},
  editor = {Shriram Krishnamurthi and Benjamin S. Lerner},
  volume = {56},
  series = {LIPIcs},
  publisher = {Schloss Dagstuhl - Leibniz-Zentrum fuer Informatik},
  isbn = {978-3-95977-014-9},
}

@inproceedings{Visser05-SCAM,
  title = {Transformations for Abstractions},
  author = {Eelco Visser},
  year = {2005},
  month = {October},
  doi = {10.1109/SCAM.2005.26},
  url = {http://dx.doi.org/10.1109/SCAM.2005.26},
  tags = {programming languages, meta programming, case study, Stratego/XT, transformation language, extensible languages, programming, abstraction, Meta-Environment, extensible language, interpreters, transformation, Stratego, program transformation},
  researchr = {https://researchr.org/publication/Visser05-SCAM},
  cites = {0},
  citedby = {1},
  booktitle = {5th IEEE International Workshop on Source Code Analysis and Manipulation (SCAM 2005), 30 September - 1 October 2005, Budapest, Hungary},
  publisher = {IEEE Computer Society},
  isbn = {0-7695-2292-0},
}

@article{AntwerpenPRV18,
  title = {Scopes as types},
  author = {Hendrik van Antwerpen and Casper Bach Poulsen and Arjen Rouvoet and Eelco Visser},
  year = {2018},
  doi = {10.1145/3276484},
  url = {https://doi.org/10.1145/3276484},
  researchr = {https://researchr.org/publication/AntwerpenPRV18},
  cites = {0},
  citedby = {0},
  journal = {Proceedings of the ACM on Programming Languages},
  volume = {2},
  number = {OOPSLA},
}

@inproceedings{VerguTV19,
  title = {Scopes and Frames Improve Meta-Interpreter Specialization},
  author = {Vlad A. Vergu and Andrew P. Tolmach and Eelco Visser},
  year = {2019},
  doi = {10.4230/LIPIcs.ECOOP.2019.4},
  url = {https://doi.org/10.4230/LIPIcs.ECOOP.2019.4},
  researchr = {https://researchr.org/publication/VerguTV19},
  cites = {0},
  citedby = {0},
  booktitle = {33rd European Conference on Object-Oriented Programming, ECOOP 2019, July 15-19, 2019, London, United Kingdom},
  editor = {Alastair F. Donaldson},
  volume = {134},
  series = {LIPIcs},
  publisher = {Schloss Dagstuhl - Leibniz-Zentrum fuer Informatik},
  isbn = {978-3-95977-111-5},
}

@article{RosuS10,
  title = {An overview of the {K} semantic framework},
  author = {Grigore Rosu and Traian-Florin Serbanuta},
  year = {2010},
  doi = {10.1016/j.jlap.2010.03.012},
  url = {http://dx.doi.org/10.1016/j.jlap.2010.03.012},
  researchr = {https://researchr.org/publication/RosuS10},
  cites = {0},
  citedby = {0},
  journal = {Journal of Logic and Algebraic Programming},
  volume = {79},
  number = {6},
  pages = {397-434},
}

@article{King76:0,
  title = {Symbolic Execution and Program Testing},
  author = {James C. King},
  year = {1976},
  tags = {testing, C++},
  researchr = {https://researchr.org/publication/King76%3A0},
  cites = {0},
  citedby = {0},
  journal = {Communications of the ACM},
  volume = {19},
  number = {7},
  pages = {385-394},
}

@inproceedings{KonatSEV19,
  title = {Precise, Efficient, and Expressive Incremental Build Scripts with {PIE}},
  author = {Gabriël Konat and  Roelof Sol and Sebastian Erdweg and Eelco Visser},
  year = {2019},
  researchr = {https://researchr.org/publication/KonatSEV19},
  cites = {0},
  citedby = {0},
  booktitle = {Second Workshop on Incremental Computing (IC 2019)},
}

@techreport{TUD-SERG-2015-009,
  title = {A Constraint Language for Static Semantic Analysis based on Scope Graphs with Proofs},
  author = {Hendrik van Antwerpen and Pierre Néron and Andrew P. Tolmach and Eelco Visser and Guido Wachsmuth},
  year = {2015},
  month = {September},
  url = {http://swerl.tudelft.nl/twiki/pub/Main/TechnicalReports/TUD-SERG-2015-009.pdf},
  note = {Available at \url{http://swerl.tudelft.nl/twiki/pub/Main/TechnicalReports/TUD-SERG-2015-009.pdf}},
  researchr = {https://researchr.org/publication/TUD-SERG-2015-009},
  cites = {0},
  citedby = {0},
  institution = {Software Engineering Research Group, Delft University of Technology},
  number = {TUD-SERG-2015-009},
}

@inproceedings{PhadyeSH19-SPLASHE,
  title = {ChocoPy: A Programming Language for Compilers Courses},
  author = {Padhye, Rohan and Sen, Koushik and Hilfinger, Paul N.},
  year = {2019},
  doi = {10.1145/3358711.3361627},
  url = {https://doi.org/10.1145/3358711.3361627},
  researchr = {https://researchr.org/publication/PhadyeSH19-SPLASHE},
  cites = {0},
  citedby = {0},
  booktitle = {Proceedings of the 2019 ACM SIGPLAN Symposium on SPLASH-E},
  series = {SPLASH-E 2019},
  address = {New York, NY, USA},
  publisher = {Association for Computing Machinery},
  isbn = {9781450369893},
}

@inproceedings{KatsV10,
  title = {The {Spoofax} language workbench: rules for declarative specification of languages and {IDEs}},
  author = {Lennart C. L. Kats and Eelco Visser},
  year = {2010},
  doi = {10.1145/1869459.1869497},
  url = {https://doi.org/10.1145/1869459.1869497},
  tags = {programming languages, model-to-model transformation, workbench, semantics, rule-based, Eclipse, meta programming, model editor, graph transformation, meta-model, transformation language, architecture, reuse, model-driven development, graph-rewriting, rules, C++, code completion, code generation, model transformation, programming, language workbench, Spoofax, Meta-Environment, rewriting, parsing, meta-objects, transformation, program transformation, domain-specific language},
  researchr = {https://researchr.org/publication/KatsV10},
  cites = {0},
  citedby = {2},
  pages = {444-463},
  booktitle = {Proceedings of the 25th Annual ACM SIGPLAN Conference on Object-Oriented Programming, Systems, Languages, and Applications, OOPSLA 2010},
  editor = {William R. Cook and Siobhán Clarke and Martin C. Rinard},
  address = {Reno/Tahoe, Nevada},
  publisher = {ACM},
  isbn = {978-1-4503-0203-6},
}

@manual{PadhyeSH19,
  title = {ChocoPy v2.2: Language Manual and Reference},
  author = {Rohan Padhye and Koushik Sen and  Paul Hilfnger and Rohan Padhye and Koushik Sen and  Paul Hilfnger},
  year = {2019},
  month = {November},
  researchr = {https://researchr.org/publication/PadhyeSH19},
  cites = {0},
  citedby = {0},
  organization = {University of California, Berkeley},
}
